@book{Griffiths2008,
author = {Griffiths, D. J.},
edition = {1},
file = {:C$\backslash$:/Users/Carmen/Desktop/Universidad/TFG/Libros/Introduction to elementary particles by David Griffiths.pdf:pdf},
isbn = {9783527406012 9783527406012},
keywords = {ISBN-13:    9780471603863},
publisher = {M{\"{o}}rlenbach: Wiley-VCH},
title = {{Introduction to Elementary Particles}},
year = {2008}
}
@article{tanabashi,
author = {Tanabashi et al, M.},
doi = {10.1103/PhysRevD.98.030001},
journal = {Phys. Rev.},
pages = {22--35},
title = {{Particle Data Group}},
url = {https://pdg.lbl.gov/2019/tables/rpp2019-sum-mesons.pdf},
volume = {D 98, 0300},
year = {2018}
}
@article{Bardeen2012,
abstract = {I explore the essential role that kaons have played in revealing the nature of the microphysics world of elementary particle physics.},
author = {Bardeen, William A.},
doi = {10.1143/ptps.197.128},
file = {:C$\backslash$:/Users/Carmen/Desktop/Universidad/TFG/fermilab-conf-12-925-t.pdf:pdf},
issn = {13474081},
journal = {Progress of Theoretical Physics Supplement},
number = {197},
pages = {128--135},
title = {{Kaons - A micro-physics laboratory - "Will you still need me when I'm 64?" (the beatles)}},
year = {2012}
}
@article{Nishijima1955,
author = {Nishijima, Kazuhiko},
doi = {10.1143/ptp.13.285},
file = {:C$\backslash$:/Users/Carmen/AppData/Local/Mendeley Ltd./Mendeley Desktop/Downloaded/Nishijima - 1955 - Charge Independence Theory of V Particles.pdf:pdf},
issn = {0033-068X},
journal = {Progress of Theoretical Physics},
number = {3},
pages = {285--304},
title = {{Charge Independence Theory of V Particles}},
url = {https://academic.oup.com/ptp/article/13/3/285/1924498},
volume = {13},
year = {1955}
}
@article{Nakano1953,
author = {Nakano, Tadao and Nishijima, Kazuhiko},
doi = {10.1143/ptp.10.581},
file = {:C$\backslash$:/Users/Carmen/AppData/Local/Mendeley Ltd./Mendeley Desktop/Downloaded/Nakano, Nishijima - 1953 - Letters to the Editor Charge Independence for V-particles(2).pdf:pdf},
issn = {0033-068X},
journal = {Progress of Theoretical Physics},
number = {5},
pages = {581--582},
title = {{Charge Independence for V-particles}},
url = {https://academic.oup.com/ptp/article/10/5/581/1899895},
volume = {10},
year = {1953}
}
@book{Krane,
archivePrefix = {arXiv},
arxivId = {arXiv:1011.1669v3},
author = {Krane, Kenneth S.},
edition = {2},
eprint = {arXiv:1011.1669v3},
file = {:C$\backslash$:/Users/Carmen/Desktop/Universidad/TFG/Libros/Introductory Nuclear Physics by Kenneth S. Krane.pdf:pdf},
isbn = {9788578110796},
issn = {00157120},
pmid = {25246403},
publisher = {John Wiley {\&} Sons},
title = {{Introductory Nuclear Physics}},
year = {1988}
}
@book{Ferbel,
author = {Das, Ashok and Ferbel, Thomas and Gauthier, N.},
doi = {10.1119/1.17557},
edition = {2},
file = {:C$\backslash$:/Users/Carmen/Desktop/Universidad/TFG/Libros/Introduction to Nuclear and Particle Physics by A Das, T. Ferbel.pdf:pdf},
isbn = {9812387447},
issn = {0002-9505},
publisher = {World Scientific Publishing Co. Pte. Ltd},
title = {{Introduction to Nuclear and Particle Physics}},
year = {2003}
}
@book{Pais,
address = {New York},
author = {Pais, Abraham},
file = {:C$\backslash$:/Users/Carmen/Desktop/Universidad/TFG/Libros/Inward Bound Of Matter and Forces in the Physical World by Abraham Pais.pdf:pdf},
isbn = {0-19-851997-4},
publisher = {Oxford University Press},
title = {{Inward Bound: of Matter and Forces in the Physical World}},
year = {1986}
}
@misc{notas2020,
author = {Universidad de Sevilla, Departamento de FAMN},
doi = {10.1515/9783110450828-107},
file = {:C$\backslash$:/Users/Carmen/Desktop/Universidad/Cuarto/FNP/PARTICULAS/Apuntes{\_}Particulas{\_}2019.pdf:pdf},
publisher = {Universidad de Sevilla},
title = {{Apuntes, notas y material did{\'{a}}ctico de la asignatura de F{\'{i}}sica Nuclear y de Part{\'{i}}culas}},
year = {2020}
}
@article{Nature1,
annote = {Nature 160, 855â€“857},
author = {Rochester, G. D. and Butler, C. C.},
doi = {10.1038/160855a0},
file = {:C$\backslash$:/Users/Carmen/AppData/Local/Mendeley Ltd./Mendeley Desktop/Downloaded/Unknown - 1947 - (No Title).pdf:pdf},
issn = {00280836},
journal = {Nature},
month = {dec},
number = {4077},
pages = {855--857},
pmid = {18917296},
title = {{Evidence for the existence of new unstable elementary particles}},
volume = {160},
year = {1947}
}
