@article{Nature1,
annote = {Nature 160, 855â€“857},
author = {Rochester, G. D. and Butler, C. C.},
doi = {10.1038/160855a0},
file = {:C$\backslash$:/Users/Carmen/AppData/Local/Mendeley Ltd./Mendeley Desktop/Downloaded/Unknown - 1947 - (No Title).pdf:pdf},
issn = {00280836},
journal = {Nature},
month = {dec},
number = {4077},
pages = {855--857},
pmid = {18917296},
title = {{Evidence for the existence of new unstable elementary particles}},
volume = {160},
year = {1947}
}
